@article{Bertola2010RiemannSA,
  title={Riemann Surfaces and Theta Functions MAST 661 G / MAST 837},
  author={Marco Bertola},
  year={2010}
}

@article{ZCC22,
  title={Towards a Higher-Genus Generalization of the Kronecker Function Using Schottky Covers},
  author={Zhi Cong Chan},
  year={2022}
}