%% LaTeX2e file `B12presentation.bib'
%% generated by the `filecontents' environment
%% from source `B12presentation' on 2023/04/17.
%%
    @book{Ber06,
        Author = {Marco Bertola},
        Title = {Riemann Surfaces and Theta Functions},
        Year = {2006}}

    @thesis{Cha22,
        Author = {Zhi Cong Chan},
        Title = {Towards a Higher-Genus Generalization of the
        Kronecker Function Using Schottky Covers},
        Year = {2022}
    }

    @misc{BL13,
      title={Multiple Elliptic Polylogarithms},
      author={Francis C. S. Brown and Andrey Levin},
      year={2013},
      archivePrefix={arXiv},
      primaryClass={math.NT},
    }
